
@Misc{            bannister.devanny.ea:track,
  title         = {Track Layouts, Layered Path Decompositions, and Leveled
                  Planarity},
  author        = {Michael J. Bannister and William E. Devanny and Vida
                  Dujmović and David Eppstein and David R. Wood},
  howpublished  = {arxiv:1609.08688},
  month         = {June},
  year          = {2015}
}

@Article{         bannister2018track,
  author        = {Bannister, Michael J. and Devanny, William E. and
                  Dujmović, Vida and Eppstein, David and Wood, David R.},
  year          = {2018},
  title         = {Track Layouts, Layered Path Decompositions, and Leveled
                  Planarity},
  journal       = {Algorithmica},
  issn          = {0178-4617},
  doi           = {10.1007/s00453-018-0487-5},
  month         = {July},
  pages         = {1--23},
  url           = {https://doi.org/10.1007/s00453-018-0487-5}
}

@InProceedings{   bdplqn-stoc19,
  author        = {Michael Bekos and Henry F{\"o}rster and Martin Gronemann
                  and Tamara Mchedlidze and Fabrizio Montecchiani and
                  Chrysanthi Raftopoulou and Torsten Ueckerdt},
  title         = {Planar Graphs of Bounded Degree have Constant Queue
                  Number},
  booktitle     = {51st {ACM} {S}ymposium on {T}heory of {C}omputing, {STOC},
                  2019},
  note          = {To appear},
  year          = {2019}
}

@Article{         bett99,
  author        = {Giuseppe Di Battista and Peter Eades and Roberto Tamassia
                  and Ioannis G. Tollis},
  title         = {Layered drawings of digraphs},
  journal       = {Graph Drawing: Algorithms for the Visualization of
                  Graphs},
  year          = {1999},
  series        = {Prentice-Hall},
  pages         = {265--302}
}

@Article{         bm2001,
  author        = {Oliver Bastert and Christian Matuszewski},
  title         = {Layered drawings of digraphs},
  journal       = {Drawing Graphs, Methods and Models},
  year          = {2001},
  volume        = {2025},
  series        = {LNCS},
  pages         = {87--120}
}

@Proceedings{     dblp:conf/focs/2013,
  title         = {54th Annual {IEEE} Symposium on Foundations of Computer
                  Science, {FOCS} 2013, 26-29 October, 2013, Berkeley, CA,
                  {USA}},
  publisher     = {{IEEE} Computer Society},
  year          = {2013},
  url           = {http://ieeexplore.ieee.org/xpl/mostRecentIssue.jsp?punumber=6685222},
  isbn          = {978-0-7695-5135-7},
  timestamp     = {Mon, 15 Dec 2014 18:48:45 +0100},
  biburl        = {https://dblp.org/rec/bib/conf/focs/2013},
  bibsource     = {dblp computer science bibliography, https://dblp.org}
}

@InProceedings{   dblp:conf/focs/dujmovićmw13,
  author        = {Vida Dujmović and Pat Morin and David R. Wood},
  title         = {Layered Separators for Queue Layouts, 3{D} Graph Drawing
                  and Nonrepetitive Coloring},
  booktitle     = {54th Annual {IEEE} Symposium on Foundations of Computer
                  Science, {FOCS} 2013},
  pages         = {280--289},
  year          = {2013},
  crossref      = {DBLP:conf/focs/2013},
  url           = {https://doi.org/10.1109/FOCS.2013.38},
  doi           = {10.1109/FOCS.2013.38},
  timestamp     = {Fri, 30 Nov 2018 13:30:45 +0100},
  biburl        = {https://dblp.org/rec/bib/conf/focs/DujmovićMW13},
  bibsource     = {dblp computer science bibliography, https://dblp.org}
}

@Proceedings{     dblp:conf/gd/2016,
  editor        = {Yifan Hu and Martin N{\"{o}}llenburg},
  title         = {Graph Drawing and Network Visualization - 24th
                  International Symposium, {GD} 2016, Athens, Greece,
                  September 19-21, 2016, Revised Selected Papers},
  series        = {Lecture Notes in Computer Science},
  volume        = {9801},
  publisher     = {Springer},
  year          = {2016},
  url           = {https://doi.org/10.1007/978-3-319-50106-2},
  doi           = {10.1007/978-3-319-50106-2},
  isbn          = {978-3-319-50105-5},
  timestamp     = {Fri, 26 May 2017 00:49:24 +0200},
  biburl        = {https://dblp.org/rec/bib/conf/gd/2016},
  bibsource     = {dblp computer science bibliography, https://dblp.org}
}

@Proceedings{     dblp:conf/gd/2016,
  title         = {Graph Drawing and Network Visualization - 24th Int.
                  Symposium, {GD} 2016, Athens, Greece, September 19-21,
                  2016, Revised Selected Papers},
  series        = {LNCS},
  volume        = {9801},
  year          = {2016},
  url           = {https://doi.org/10.1007/978-3-319-50106-2},
  doi           = {10.1007/978-3-319-50106-2},
  isbn          = {978-3-319-50105-5},
  timestamp     = {Fri, 26 May 2017 00:49:24 +0200},
  biburl        = {https://dblp.org/rec/bib/conf/gd/2016},
  bibsource     = {dblp computer science bibliography, https://dblp.org}
}

@InProceedings{   dblp:conf/gd/bannisterddew16,
  author        = {Michael J. Bannister and William E. Devanny and Vida
                  Dujmović and David Eppstein and David R. Wood},
  title         = {Track Layout Is Hard},
  booktitle     = {Graph Drawing and Network Visualization - 24th Int.
                  Symposium, {GD} 2016},
  pages         = {499--510},
  year          = {2016},
  crossref      = {DBLP:conf/gd/2016},
  url           = {https://doi.org/10.1007/978-3-319-50106-2\_38},
  doi           = {10.1007/978-3-319-50106-2\_38},
  timestamp     = {Fri, 02 Nov 2018 09:43:11 +0100},
  biburl        = {https://dblp.org/rec/bib/conf/gd/BannisterDDEW16},
  bibsource     = {dblp computer science bibliography, https://dblp.org}
}

@Article{         dblp:journals/algorithmica/bekosbkr17,
  author        = {Michael A. Bekos and Till Bruckdorfer and Michael Kaufmann
                  and Chrysanthi N. Raftopoulou},
  title         = {The Book Thickness of 1-Planar Graphs is Constant},
  journal       = {Algorithmica},
  volume        = {79},
  number        = {2},
  pages         = {444--465},
  year          = {2017},
  url           = {https://doi.org/10.1007/s00453-016-0203-2},
  doi           = {10.1007/s00453-016-0203-2},
  timestamp     = {Fri, 15 Sep 2017 17:21:36 +0200},
  biburl        = {https://dblp.org/rec/bib/journals/algorithmica/BekosBKR17},
  bibsource     = {dblp computer science bibliography, https://dblp.org}
}

@Article{         dblp:journals/corr/abs-1810-08314,
  author        = {Vida Dujmović and David Eppstein and Gwena{\"{e}}l Joret
                  and Pat Morin and David R. Wood},
  title         = {Minor-closed graph classes with bounded layered
                  pathwidth},
  journal       = {CoRR},
  volume        = {abs/1810.08314},
  year          = {2018},
  url           = {http://arxiv.org/abs/1810.08314},
  archiveprefix = {arXiv},
  eprint        = {1810.08314},
  timestamp     = {Thu, 01 Nov 2018 18:03:07 +0100},
  biburl        = {https://dblp.org/rec/bib/journals/corr/abs-1810-08314},
  bibsource     = {dblp computer science bibliography, https://dblp.org}
}

@Article{         dblp:journals/corr/abs-1904-05269,
  author        = {Vida Dujmović and Louis Esperet and Gwena{\"{e}}l Joret
                  and Bartosz Walczak and David R. Wood},
  title         = {Planar graphs have bounded nonrepetitive chromatic
                  number},
  journal       = {CoRR},
  volume        = {abs/1904.05269},
  year          = {2019},
  url           = {http://arxiv.org/abs/1904.05269},
  archiveprefix = {arXiv},
  eprint        = {1904.05269},
  timestamp     = {Fri, 26 Apr 2019 13:18:53 +0200},
  biburl        = {https://dblp.org/rec/bib/journals/corr/abs-1904-05269},
  bibsource     = {dblp computer science bibliography, https://dblp.org}
}

@Article{         dblp:journals/corr/alambk15,
  author        = {Md. Jawaherul Alam and Franz J. Brandenburg and Stephen G.
                  Kobourov},
  title         = {On the Book Thickness of 1-Planar Graphs},
  journal       = {CoRR},
  volume        = {abs/1510.05891},
  year          = {2015},
  url           = {http://arxiv.org/abs/1510.05891},
  archiveprefix = {arXiv},
  eprint        = {1510.05891},
  timestamp     = {Mon, 13 Aug 2018 16:46:20 +0200},
  biburl        = {https://dblp.org/rec/bib/journals/corr/AlamBK15},
  bibsource     = {dblp computer science bibliography, https://dblp.org}
}

@Article{         dblp:journals/jct/dujmovicmw17,
  author        = {Vida Dujmović and Pat Morin and David R. Wood},
  title         = {Layered separators in minor-closed graph classes with
                  applications},
  journal       = {J. Comb. Theory, Ser. {B}},
  volume        = {127},
  pages         = {111--147},
  year          = {2017},
  url           = {https://doi.org/10.1016/j.jctb.2017.05.006},
  doi           = {10.1016/j.jctb.2017.05.006},
  timestamp     = {Fri, 30 Nov 2018 13:29:22 +0100},
  biburl        = {https://dblp.org/rec/bib/journals/jct/DujmovićMW17},
  bibsource     = {dblp computer science bibliography, https://dblp.org}
}

@Article{         dblp:journals/jct/dujmović15,
  author        = {Vida Dujmović},
  title         = {Graph layouts via layered separators},
  journal       = {J. Comb. Theory, Ser. {B}},
  volume        = {110},
  pages         = {79--89},
  year          = {2015},
  url           = {https://doi.org/10.1016/j.jctb.2014.07.005},
  doi           = {10.1016/j.jctb.2014.07.005},
  timestamp     = {Sat, 27 May 2017 14:24:24 +0200},
  biburl        = {https://dblp.org/rec/bib/journals/jct/Dujmović15},
  bibsource     = {dblp computer science bibliography, https://dblp.org}
}

@Article{         dblp:journals/jgaa/dujmovićf18,
  author        = {Vida Dujmović and Fabrizio Frati},
  title         = {Stack and Queue Layouts via Layered Separators},
  journal       = {J. Graph Algorithms Appl.},
  volume        = {22},
  number        = {1},
  pages         = {89--99},
  year          = {2018},
  url           = {https://doi.org/10.7155/jgaa.00454},
  doi           = {10.7155/jgaa.00454},
  timestamp     = {Wed, 28 Mar 2018 12:00:17 +0200},
  biburl        = {https://dblp.org/rec/bib/journals/jgaa/DujmovićF18},
  bibsource     = {dblp computer science bibliography, https://dblp.org}
}

@Article{         dblp:journals/siamdm/dujmovicew17,
  author        = {Vida Dujmović and David Eppstein and David R. Wood},
  title         = {Structure of Graphs with Locally Restricted Crossings},
  journal       = {{SIAM} J. Discrete Math.},
  volume        = {31},
  number        = {2},
  pages         = {805--824},
  year          = {2017},
  url           = {https://doi.org/10.1137/16M1062879},
  doi           = {10.1137/16M1062879},
  timestamp     = {Fri, 02 Nov 2018 09:31:10 +0100},
  biburl        = {https://dblp.org/rec/bib/journals/siamdm/DujmovicEW17},
  bibsource     = {dblp computer science bibliography, https://dblp.org}
}

@Article{         dfjw-2012,
  author        = {Vida Dujmović and Gwena{\"e}l Joret and Fabrizio Frati
                  and David R. Wood},
  title         = {Nonrepetitive Colourings of Planar Graphs with {O}(log n)
                  Colours},
  journal       = {Electr. J. Comb.},
  volume        = {20},
  number        = {1},
  year          = {2013},
  pages         = {P51},
  ee            = {http://www.combinatorics.org/ojs/index.php/eljc/article/view/v20i1p51},
  bibsource     = {DBLP, http://dblp.uni-trier.de}
}

@Article{         dmw05,
  author        = {Vida Dujmović and Pat Morin and David R. Wood},
  title         = {Layout of Graphs with Bounded Tree-Width},
  journal       = {{SIAM} J. Comput.},
  volume        = {34},
  number        = {3},
  pages         = {553--579},
  year          = {2005},
  url           = {https://doi.org/10.1137/S0097539702416141},
  doi           = {10.1137/S0097539702416141},
  timestamp     = {Sun, 02 Jun 2019 21:02:36 +0200},
  biburl        = {https://dblp.org/rec/bib/journals/siamcomp/DujmovićMW05},
  bibsource     = {dblp computer science bibliography, https://dblp.org}
}

@Article{         dpw04,
  author        = {Vida Dujmović and Attila P{\'{o}}r and David R. Wood},
  title         = {Track Layouts of Graphs},
  journal       = {Discrete Mathematics {\&} Theoretical Computer Science},
  volume        = {6},
  number        = {2},
  pages         = {497--522},
  year          = {2004},
  url           = {http://dmtcs.episciences.org/315},
  timestamp     = {Wed, 22 May 2019 16:42:49 +0200},
  biburl        = {https://dblp.org/rec/bib/journals/dmtcs/DujmovićPW04},
  bibsource     = {dblp computer science bibliography, https://dblp.org}
}

@Article{         dsw16,
  author        = {Vida Dujmović and Anastasios Sidiropoulos and David R.
                  Wood},
  title         = {Layouts of Expander Graphs},
  journal       = {Chicago J. Theor. Comput. Sci.},
  volume        = {2016},
  year          = {2016},
  url           = {http://cjtcs.cs.uchicago.edu/articles/2016/1/contents.html},
  timestamp     = {Tue, 08 Mar 2016 15:43:41 +0100},
  biburl        = {https://dblp.org/rec/bib/journals/cjtcs/DujmovićSW16},
  bibsource     = {dblp computer science bibliography, https://dblp.org}
}

@Article{         duj15,
  title         = "Graph Layouts via Layered Separators",
  doi           = {10.1016/j.jctb.2014.07.005},
  author        = {Vida Dujmović},
  journal       = {J. Combin. Th. Ser. B},
  year          = "2015",
  volume        = "110",
  pages         = "79--89"
}

@Article{         dujmovic.esperet.ea:adjacency,
  author        = {Vida Dujmović and Louis Esperet and Gwena{\"{e}}l Joret
                  and Cyril Gavoille and Piotr Micek and Pat Morin},
  title         = {Adjacency Labelling for Planar Graphs (and Beyond)},
  journal       = {CoRR},
  volume        = {abs/2003.04280},
  year          = {2020},
  url           = {https://arxiv.org/abs/2003.04280},
  archiveprefix = {arXiv},
  eprint        = {2003.04280},
  timestamp     = {Tue, 10 Mar 2020 13:33:48 +0100},
  biburl        = {https://dblp.org/rec/journals/corr/abs-2003-04280.bib},
  bibsource     = {dblp computer science bibliography, https://dblp.org}
}

@Article{         dujmovic.esperet.ea:planar,
  author        = {Vida Dujmović and Louis Esperet and Gwena{\"{e}}l Joret
                  and Bartosz Walczak and David R. Wood},
  title         = {Planar graphs have bounded nonrepetitive chromatic
                  number},
  journal       = {CoRR},
  volume        = {abs/1904.05269},
  year          = {2019},
  url           = {http://arxiv.org/abs/1904.05269},
  archiveprefix = {arXiv},
  eprint        = {1904.05269},
  timestamp     = {Fri, 26 Apr 2019 13:18:53 +0200},
  biburl        = {https://dblp.org/rec/journals/corr/abs-1904-05269.bib},
  bibsource     = {dblp computer science bibliography, https://dblp.org}
}

@Article{         dujmovic.frati:stack,
  author        = {Vida Dujmović and Fabrizio Frati},
  title         = {Stack and Queue Layouts via Layered Separators},
  journal       = {J. Graph Algorithms Appl.},
  volume        = {22},
  number        = {1},
  pages         = {89--99},
  year          = {2018},
  url           = {https://doi.org/10.7155/jgaa.00454},
  doi           = {10.7155/jgaa.00454},
  timestamp     = {Wed, 28 Mar 2018 12:00:17 +0200},
  biburl        = {https://dblp.org/rec/journals/jgaa/DujmovićF18.bib},
  bibsource     = {dblp computer science bibliography, https://dblp.org}
}

@InProceedings{   dujmovic.joret.ea:planar,
  author        = {Vida Dujmović and Gwena{\"{e}}l Joret and Piotr Micek and
                  Pat Morin and Torsten Ueckerdt and David R. Wood},
  editor        = {David Zuckerman},
  title         = {Planar Graphs have Bounded Queue-Number},
  booktitle     = {60th {IEEE} Annual Symposium on Foundations of Computer
                  Science, {FOCS} 2019, Baltimore, Maryland, USA, November
                  9-12, 2019},
  pages         = {862--875},
  publisher     = {{IEEE} Computer Society},
  year          = {2019},
  url           = {https://doi.org/10.1109/FOCS.2019.00056},
  doi           = {10.1109/FOCS.2019.00056},
  timestamp     = {Tue, 07 Jan 2020 13:31:39 +0100},
  biburl        = {https://dblp.org/rec/conf/focs/DujmovićJMMUW19.bib},
  bibsource     = {dblp computer science bibliography, https://dblp.org}
}

@InProceedings{   flw-gd01,
  author        = {Stefan Felsner and Giussepe Liotta and Stephen K.
                  Wismath},
  title         = {Straight-Line Drawings on Restricted Integer Grids in Two
                  and Three Dimensions},
  pages         = {328-342},
  crossref      = {GD01}
}

@Proceedings{     gd01,
  title         = {Proc. 9th International Symp. on Graph Drawing (GD '01)},
  year          = {2002},
  volume        = {2265},
  series        = {LNCS},
  publisher     = {Springer},
  booktitle     = {Proc. 9th International Symp. on Graph Drawing (GD '01)}
}

@Article{         hlr-sjdm92,
  author        = {Heath, Lenwood S. and Leighton, F. Thomson and Rosenberg,
                  Arnold L.},
  title         = {Comparing queues and stacks as mechanisms for laying out
                  graphs},
  journal       = {SIAM J. Discrete Math.},
  year          = {1992},
  volume        = {5},
  pages         = {398--412},
  number        = {3}
}

@Article{         hn2013,
  author        = {Patrick Healy and Nikola S. Nikolov},
  title         = {Hierarchical drawing algorithms},
  journal       = {Handbook on Graph Drawing and Visualization},
  year          = {2013},
  series        = {CRC Press},
  pages         = {409--453}
}

@Article{         hr-sjc92,
  author        = {Heath, Lenwood S. and Rosenberg, Arnold L.},
  title         = {Laying out graphs using queues},
  journal       = {SIAM J. Comput.},
  year          = {1992},
  volume        = {21},
  pages         = {927--958},
  number        = {5}
}

@Unpublished{     lw19,
  author        = {Chun Hung Liu and David R. Wood},
  title         = {Clustered coloring on old graph coloring conjectures},
  year          = {2019},
  note          = {In preparation}
}

@Article{         scicomp-battistafp13,
  author        = {Giuseppe Di Battista and Fabrizio Frati and J{\'a}nos
                  Pach},
  title         = {On the Queue Number of Planar Graphs},
  journal       = {SIAM J. Comput.},
  volume        = {42},
  number        = {6},
  year          = {2013},
  pages         = {2243-2285},
  ee            = {http://dx.doi.org/10.1137/130908051},
  bibsource     = {DBLP, http://dblp.uni-trier.de}
}

@Article{         stt81,
  author        = {Sugiyama, K. and Tagawa, S. and Toda, M.},
  title         = {Methods for visual understanding of hierarchical system
                  structures},
  journal       = {IEEE Trans. Systems Man Cybernet.},
  year          = {1981},
  volume        = {11},
  pages         = {109--125},
  number        = {2}
}
